

@phdthesis{DissertationFuhse,
    title    = {X-ray waveguides and waveguide-based lensless imaging},
    school   = {Georg-August-Universität Göttingen},
    author   = {Christian Fuhse},
    year     = {2006},
    address     =     {Germany},
}

@book{GerthsenPhysik,
  author    = {Christian Gerthsen}, 
  title     = {Gerthsen Physik},
  publisher = {H. Vogel},
  year      = 1999,
  edition   = 20,
  isbn      = {3540654798}
}

@book{PriciplesOfOptics,
  author    = {Max Born and Emil Wolf}, 
  title     = {Priciples of Optics},
  publisher = {Cambridge University Press},
  year      = 1999,
  edition   = 7,
}
	
@book{Press:1992:NRC:148286,
 author = {Press, William H. and Teukolsky, Saul A. and Vetterling, William T. and Flannery, Brian P.},
 title = {Numerical Recipes in C (2Nd Ed.): The Art of Scientific Computing},
 year = {1992},
 isbn = {0-521-43108-5},
 publisher = {Cambridge University Press},
 address = {New York, NY, USA},
} 

	
@MISC{eigenweb,
  author = {Ga\"{e}l Guennebaud and Beno\^{i}t Jacob and others},
  title = {Eigen v3},
  howpublished = {http://eigen.tuxfamily.org},
  year = {2010}
}

@Misc{,
  author =    {Eric Jones and Travis Oliphant and Pearu Peterson and others},
  title =     {{SciPy}: Open source scientific tools for {Python}},
  year =      {2001--},
  url = "http://www.scipy.org/",
  note = {[Online; accessed 2016-01-02]}
}

@Article{Hunter:2007,
  Author    = {Hunter, J. D.},
  Title     = {Matplotlib: A 2D graphics environment},
  Journal   = {Computing In Science \& Engineering},
  Volume    = {9},
  Number    = {3},
  Pages     = {90--95},
  abstract  = {Matplotlib is a 2D graphics package used for Python
  for application development, interactive scripting, and
  publication-quality image generation across user
  interfaces and operating systems.},
  publisher = {IEEE COMPUTER SOC},
  year      = 2007
}

@misc{standard_c++,
  title = {C++ Standard Website},
  howpublished = {\url{https://isocpp.org}},
  note = {Accessed: January 2., 2016}
}

@misc{python,
  title = {Python Website},
  howpublished = {\url{https://www.python.org}},
  note = {Accessed: January 2., 2016}
}

@misc{lars_melchior_2016_46539,
  author       = {Lars Melchior},
  title        = {Expresso: Expresso 0.1},
  month        = feb,
  year         = 2016,
  doi          = {10.5281/zenodo.46539},
  url          = {http://dx.doi.org/10.5281/zenodo.46539}
}





 @misc{ wiki:convolution_theorem,
   author = "Wikipedia",
   title = "Convolution theorem --- Wikipedia{,} The Free Encyclopedia",
   year = "2015",
   url = "\url{https://en.wikipedia.org/w/index.php?title=Convolution_theorem&oldid=670553833}",
   note = "[Online; accessed 24-March-2016]"
 }

 @misc{ wiki:DFT,
   author = "Wikipedia",
   title = "Discrete Fourier transform --- Wikipedia{,} The Free Encyclopedia",
   year = "2016",
   url = "\url{https://en.wikipedia.org/w/index.php?title=Discrete_Fourier_transform&oldid=710122483}",
   note = "[Online; accessed 24-March-2016]"
 }
 
 @misc{ wiki:FFT,
   author = "Wikipedia",
   title = "Fast Fourier transform --- Wikipedia{,} The Free Encyclopedia",
   year = "2016",
   url = "\url{https://en.wikipedia.org/w/index.php?title=Fast_Fourier_transform&oldid=709473943}",
   note = "[Online; accessed 24-March-2016]"
 }
 
 @misc{ wiki:intensity,
   author = "Wikipedia",
   title = "Intensity (physics) --- Wikipedia{,} The Free Encyclopedia",
   year = "2016",
   url = "\url{https://en.wikipedia.org/w/index.php?title=Intensity_(physics)&oldid=709169944}",
   note = "[Online; accessed 24-March-2016]"
 }
